<?xml version='1.1' encoding='UTF-8'?>
<Document xmlns:xsi="http://www.w3.org/2001/XMLSchema-instance"
	xmlns="urn:iso:std:iso:20022:tech:xsd:pain.001.001.03">
	<CstmrCdtTrfInitn>
		<GrpHdr>
			<MsgId>UBCITNTTXXXXN</MsgId>
			<CreDtTm>2023-08-25T00:00:00</CreDtTm>
			<NbOfTxs>1</NbOfTxs>
			<CtrlSum>744225</CtrlSum>
			<InitgPty>
				<PstlAdr>
					<StrtNm>TN5911050005002703497877TESCA TUNISIA GROMBALIAZONE
						INDUSTRIELLE GROMB</StrtNm>
					<Ctry>TN</Ctry>
				</PstlAdr>
				<CtryOfRes>TN</CtryOfRes>
			</InitgPty>
		</GrpHdr>
		<PmtInf>
			<PmtInfId>INTT1802478</PmtInfId>
			<PmtMtd>TRF</PmtMtd>
			<BtchBookg>true</BtchBookg>
			<NbOfTxs>1</NbOfTxs>
			<CtrlSum>744225</CtrlSum>
			<ReqdExctnDt>2023-08-25</ReqdExctnDt>
			<Dbtr>
				<PstlAdr>
					<StrtNm>TN5911050005002703497877TESCA TUNISIA GROMBALIAZONE
						INDUSTRIELLE GROMB</StrtNm>
					<Ctry>TN</Ctry>
				</PstlAdr>
				<CtryOfRes>TN</CtryOfRes>
			</Dbtr>
			<DbtrAcct>
				<Id>
					<IBAN>TN5911050005002703497877</IBAN>
				</Id>
				<Ccy>EUR</Ccy>
			</DbtrAcct>
			<DbtrAgt>
				<FinInstnId>
					<BIC>UBCITNTT</BIC>
				</FinInstnId>
			</DbtrAgt>
			<CdtTrfTxInf>
				<PmtId>
					<EndToEndId>202405231228421</EndToEndId>
				</PmtId>
				<PmtTpInf>
					<SvcLvl>
						<Cd>OTHR</Cd>
					</SvcLvl>
					<CtgyPurp>
						<Cd>OTHR</Cd>
					</CtgyPurp>
				</PmtTpInf>
				<Amt>
					<InstdAmt Ccy="EUR">742725</InstdAmt>
				</Amt>
				<CdtrAgt>
					<FinInstnId>
						<PstlAdr>
							<Ctry>TN</Ctry>
						</PstlAdr>
						<ClrSysMmbId>
							<ClrSysId>
								<Prtry>TOTAPTPL</Prtry>
							</ClrSysId>
						</ClrSysMmbId>
					</FinInstnId>
				</CdtrAgt>
				<Cdtr>
					<Nm>4HR PROTECCAO</Nm>
					<PstlAdr>
						<StrtNm>NA ZONA INDUSTRIAL DO SALGUEIRO</StrtNm>
						<TwnNm>3534-909 MANGUALDA PORTUGAL</TwnNm>
					</PstlAdr>
					<CtryOfRes>TN</CtryOfRes>
				</Cdtr>
				<CdtrAcct>
					<Id>
						<IBAN>PT5000180003184509810209</IBAN>
					</Id>
				</CdtrAcct>
				<Purp />
				<RmtInf />
			</CdtTrfTxInf>
			<CdtTrfTxInf>
				<PmtId>
					<EndToEndId>202405231228421</EndToEndId>
				</PmtId>
				<PmtTpInf>
					<SvcLvl>
						<Cd>OTHR</Cd>
					</SvcLvl>
					<CtgyPurp>
						<Cd>OTHR</Cd>
					</CtgyPurp>
				</PmtTpInf>
				<Amt>
					<InstdAmt Ccy="EUR">1500</InstdAmt>
				</Amt>
				<CdtrAgt>
					<FinInstnId>
						<PstlAdr>
							<Ctry>TN</Ctry>
						</PstlAdr>
						<ClrSysMmbId>
							<ClrSysId>
								<Prtry>BNPAFRPPPTX</Prtry>
							</ClrSysId>
						</ClrSysMmbId>
					</FinInstnId>
				</CdtrAgt>
				<Cdtr>
					<Nm>874PROTEX</Nm>
					<PstlAdr>
						<StrtNm>NA CS80050 6 RUE BARBES</StrtNm>
						<TwnNm>92532 LEVALLOIS-PERRET</TwnNm>
					</PstlAdr>
					<CtryOfRes>TN</CtryOfRes>
				</Cdtr>
				<CdtrAcct>
					<Id>
						<IBAN>FR7630004021460001004628</IBAN>
					</Id>
				</CdtrAcct>
				<Purp />
				<RmtInf />
			</CdtTrfTxInf>
		</PmtInf>
	</CstmrCdtTrfInitn>
</Document>
